@book{gameDesign,
    editor =    "A. Rollings, E. Adams",
    title =     "Andrew Rollings and Ernest Adams on Game Design",
    publisher = "New Riders Publishing",
    year =      2003,
    address =   "New Jersey"
}

@book{aiForGames,
    editor =    "I. Millington, J. Funge",
    title =     "Artificail Intelligence for Games - second edition",
    publisher = "Morgan Kaufmann Publishers",
    year =      2009,
    address =   "Burlington"
}

@misc{eliteUK,
    title = "Elite {UK} {F}orces: Operation {N}imrod - The Iranian Embassy Siege",
    howpublished = "[online]",
    year = "2012",
    note = "[dostęp: 2012-09-10 12:00], Dostępny w Internecie: \url{http://www.eliteukforces.info/special-air-service/sas-operations/iranian-embassy/}",
}

@misc{rainboxSix,
    title = "Gra Tom Clancy's Rainbow Six - Encyklopedia Gier | GRY-Online.pl",
    howpublished = "[online]",
    year = "2012",
    note = "[dostęp: 2012-09-10 12:00], Dostępny w Internecie: \url{http://www.gry-online.pl/gra.asp?ID=3102}",
}

@manual{kineticPage,
	title = "Kinetic.js Home Page",
	organization = "Eric Drowell",
	note = "werjsa 3.10.5, [dostęp: 2012-09-10 12:00], Dostępny w Internecie: \url{http://www.kineticjs.com/}",
	year = 2012
}

@manual{jqueryPage,
	title = "jQuery Home Page",
	organization = "jQuery Team",
	note = "werjsa 1.8.1, [dostęp: 2012-09-10 12:00], Dostępny w Internecie: \url{http://www.jquery.com/}",
	year = 2012
}

@manual{sylvesterPage,
	title = "Sylvester Home Page",
	organization = "James Coglan",
	note = "werjsa 0.1.3, [dostęp: 2012-09-10 12:00], Dostępny w Internecie: \url{http://sylvester.jcoglan.com/}",
	year = 2012
}

@manual{astarPage,
	title = "A* Search Algorithm in JavaScript",
	organization = "Brian Grinstead",
	note = "werjsa 0.1.3, [dostęp: 2012-09-10 12:00], Dostępny w Internecie: \url{http://www.briangrinstead.com/blog/astar-search-algorithm-in-javascript-updated}",
	year = 2012
}

